@Book{Fukushima,
author = {Fukushima, M. and Oshima, Y. and Takeda, M. },
ALTeditor = {•},
title = {Dirichlet Forms and Symmetric Markov Processes},
publisher = {de Gruyter, Berlin},
year = {1994},
}

@Book{Gilbarg-Trudinger,
author = {Gilbarg, D. and Trudinger, N. S.},
ALTeditor = {•},
title = {Elliptic Partial Differential Equations of Second Order},
publisher = {Springer, New York},
year = {1983},
},


@Article{Lions-Sznitman,
author = {Lions, P. L. and Sznitman, A. S.},
title = {Stochastic differential equations with reflecting boundary conditions},
journal = {Comm. Pure Appl. Math.},
year = {1984},
OPTkey = {•},
volume = { vol. 37 },
OPTnumber = {•},
pages = {  511 - 537},
OPTmonth = {•},
OPTnote = {•},
OPTannote = {•}
},

@article{Tanaka,
author = {Tanaka, H.},
title = {Stochastic differential equations with reflecting boundary conditions in convex regions},
journal = {Hiroshima Math.},
year = {1979},
OPTkey = {•},
volume = { J.9 },
OPTnumber = {•},
pages = {  163-177},
OPTmonth = {•},
OPTnote = {•},
OPTannote = {•}
},

@InCollection{Jerison-Kenig,
author = {Jerison, D. S. and Kenig, C. E.},
title = {Boundary value problems in Lipschitz domains},
booktitle = {Studies in Partial Differential Equations},
OPTcrossref = {•},
OPTkey = {•},
OPTpages = {•},
publisher = {Math. Assoc. Amer., Washington},
year = {1982},
editor = {Littmann, W.},
OPTvolume = {•},
OPTnumber = {•},
OPTseries = {•},
OPTtype = {•},
OPTchapter = {•},
OPTaddress = {•},
OPTedition = {•},
OPTmonth = {•},
OPTnote = {•},
OPTannote = {•}
},

@Article{Anderson-Orey,
author = {Anderson, R. F. and Orey, S.},
title = {Small random perturbations of dynamical systems with reflecting boundary},
journal = {Nagoya Math.},
year = {1976},
OPTkey = {•},
volume = { J. 60 },
OPTnumber = {•},
pages = {  189-216},
OPTmonth = {•},
OPTnote = {•},
OPTannote = {•}
}, 

@Article{Andres-Diplom,
author = {Andres, S.},
title = {Pathwise differentiability for stochastic differential equations with reflection},
journal = {Diploma Thesis},
year = {2006},
OPTkey = {•},
volume = {Technische Universität Berlin},
OPTmonth = {•},
OPTnote = {•},
OPTannote = {•}
}

@Article{Bass-Hsu,
author = {Bass, R. F. and Hsu, P.},
title = {Some potential theory for reflecting Brownian motion in Hölder and Lipschitz domains},
journal = {Ann. Probab.},
year = {1991},
OPTkey = {•},
volume = { vol. 19},
number = { no. 2},
pages = {  486-508},
OPTmonth = {•},
OPTnote = {•},
OPTannote = {•}
}

@Article{Hsu,
author = {Hsu, P.},
title = {On excursions of reflecting Brownian motion},
journal = {Amer. Math. Society},
year = {1986},
OPTkey = {•},
volume = { vol. 296},
number = { no. 1},
pages = { 239-264},
month = {July},
OPTnote = {•},
OPTannote = {•}
}, 

@Book{Engel-Nagel,
author = {Engel, K.-J. and Nagel, R.},
ALTeditor = {•},
title = {One Parameter Semigroups for Linear Evolution Equations},
publisher = {Springer, Berlin},
year = {2000},
OPTkey = {•},
OPTvolume = {•},
OPTnumber = {•},
OPTseries = {•},
OPTaddress = {•},
OPTedition = {•},
OPTmonth = {•},
OPTnote = {•},
OPTannote = {•}
}








