@book{Knuth:TeXbook,
  title =	{The TeXbook},
  author =	{Donald E. Knuth},
  date =	{1986-05},
  publisher =	{Addison-Wesley},
}

@article{pillai2012,
author = 	"Pillai, Natesh S. and Stuart, Andrew M. and Thiéry, Alexandre H.",
doi = 		"10.1214/11-AAP828",
fjournal = 	"The Annals of Applied Probability",
journal = 	"Ann. Appl. Probab.",
month = 	"12",
number = 	"6",
pages = 	"2320--2356",
publisher = 	"The Institute of Mathematical Statistics",
title = 	"Optimal scaling and diffusion limits for the Langevin algorithm in high dimensions",
url = 		"http://dx.doi.org/10.1214/11-AAP828",
volume = 	"22",
year = 		"2012"
}

@article{Beskos20112201,
title = "Hybrid Monte Carlo on Hilbert spaces ",
journal = "Stochastic Processes and their Applications ",
volume = "121",
number = "10",
pages = "2201 - 2230",
year = "2011",
note = "",
issn = "0304-4149",
doi = "http://dx.doi.org/10.1016/j.spa.2011.06.003",
url = "http://www.sciencedirect.com/science/article/pii/S0304414911001396",
author = "A. Beskos and F.J. Pinski and J.M. Sanz-Serna and A.M. Stuart",
keywords = "Hamiltonian dynamics",
keywords = "Splitting technique",
keywords = "Absolute continuity",
keywords = "Hybrid Monte Carlo "
}

@article{beskos2009,
author = "Beskos, Alexandros and Roberts, Gareth and Stuart, Andrew",
doi = "10.1214/08-AAP563",
fjournal = "The Annals of Applied Probability",
journal = "Ann. Appl. Probab.",
month = "06",
number = "3",
pages = "863--898",
publisher = "The Institute of Mathematical Statistics",
title = "Optimal scalings for local Metropolis–Hastings chains on nonproduct targets in high dimensions",
url = "http://dx.doi.org/10.1214/08-AAP563",
volume = "19",
year = "2009"
}

@article{doi:10.1142/S0219493708002378,
author = {BESKOS, ALEXANDROS and ROBERTS, GARETH and STUART, ANDREW and VOSS, JOCHEN},
title = {MCMC METHODS FOR DIFFUSION BRIDGES},
journal = {Stochastics and Dynamics},
volume = {08},
number = {03},
pages = {319-350},
year = {2008},
doi = {10.1142/S0219493708002378},

URL = {http://www.worldscientific.com/doi/abs/10.1142/S0219493708002378},
eprint = {http://www.worldscientific.com/doi/pdf/10.1142/S0219493708002378}
}

@article{breyer2004,
author = "Breyer, Laird Arnault and Piccioni, Mauro and Scarlatti, Sergio",
doi = "10.1214/105051604000000369",
fjournal = "The Annals of Applied Probability",
journal = "Ann. Appl. Probab.",
month = "08",
number = "3",
pages = "1479--1505",
publisher = "The Institute of Mathematical Statistics",
title = "Optimal scaling of MaLa for nonlinear regression",
url = "http://dx.doi.org/10.1214/105051604000000369",
volume = "14",
year = "2004"
}

@article{Breyer2000181,
title = "From metropolis to diffusions: Gibbs states and optimal scaling ",
journal = "Stochastic Processes and their Applications ",
volume = "90",
number = "2",
pages = "181 - 206",
year = "2000",
note = "",
issn = "0304-4149",
doi = "http://dx.doi.org/10.1016/S0304-4149(00)00041-7",
url = "http://www.sciencedirect.com/science/article/pii/S0304414900000417",
author = "L.A. Breyer and G.O. Roberts",
keywords = "Markov chain Monte Carlo",
keywords = "Hamiltonians",
keywords = "Hybrid algorithms "
}

@book{ 9780511666223,
author = "Guiseppe Da Prato and Jerzy Zabczyk",
title = {Stochastic Equations in Infinite Dimensions}, 
publisher = {Cambridge University Press}, 
year = {1992},
isbn = {9780511666223}, 
note = {Cambridge Books Online}, 
url = {http://dx.doi.org/10.1017/CBO9780511666223}
}

@article{Dashti2012183,
title ="Besov priors for Bayesian inverse problems",
journal ="Inverse Problems and Imaging",
volume ="6",
number ="2",
pages ="183-200",
year ="2012",
note ="",
issn ="1930-8337",
doi ="10.3934/ipi.2012.6.183",
url ="http://aimsciences.org/journals/displayArticlesnew.jsp?paperID=7425",
author ="Masoumeh  Dashti and Stephen  Harris and Andrew  Stuart",
keywords ="Inverse problems",
keywords ="Bayesian approach",
keywords ="Besov measures",
keywords ="elliptic inverse problems",
keywords ="Fernique-like theorem",
}

@InCollection{zbMATH05919877,
    Author = {M. {Hairer} and A. {Stuart} and J. {Voss}},
    Title = {{Signal processing problems on function space: Bayesian formulation, stochastic PDEs and effective MCMC methods.}},
    BookTitle = {{The Oxford handbook of nonlinear filtering}},
    ISBN = {978-0-19-953290-2/hbk},
    Pages = {833--873},
    Year = {2011},
    Publisher = {Oxford: Oxford University Press},
    Language = {English},
    MSC2010 = {94A12 60H15 62F15 62M20 65C05},
    Zbl = {1262.94012}
}

@article{hairer2007,
author = "Hairer, M. and Stuart, A. M. and Voss, J.",
doi = "10.1214/07-AAP441",
fjournal = "The Annals of Applied Probability",
journal = "Ann. Appl. Probab.",
month = "10",
number = "5/6",
pages = "1657--1706",
publisher = "The Institute of Mathematical Statistics",
title = "Analysis of SPDEs arising in path sampling part II: The nonlinear case",
url = "http://dx.doi.org/10.1214/07-AAP441",
volume = "17",
year = "2007"
}

@article{hairer2005,
author = "Hairer, M. and Stuart, A. M. and Voss, J. and Wiberg, P.",
fjournal = "Communications in Mathematical Sciences",
journal = "Commun. Math. Sci.",
month = "12",
number = "4",
pages = "587--603",
publisher = "International Press of Boston",
title = "Analysis of SPDEs arising in path sampling. Part I: The Gaussian case",
url = "http://projecteuclid.org/euclid.cms/1144429334",
volume = "3",
year = "2005"
}

@article{Lassas200987,
title ="Discretization-invariant Bayesian inversion
and Besov space priors",
journal ="Inverse Problems and Imaging",
volume ="3",
number ="1",
pages ="87-122",
year ="2009",
note ="",
issn ="1930-8337",
doi ="10.3934/ipi.2009.3.87",
url ="http://aimsciences.org/journals/displayArticlesnew.jsp?paperID=3965",
author ="Matti  Lassas and Eero  Saksman and Samuli  Siltanen",
keywords ="Inverse problem",
keywords ="statistical inversion",
keywords ="Bayesian inversion",
keywords ="discretization invariance",
keywords ="reconstruction",
keywords ="wavelet",
keywords ="Besov space",
}

@article{roberts1997,
author = "Roberts, G. O. and Gelman, A. and Gilks, W. R.",
doi = "10.1214/aoap/1034625254",
fjournal = "The Annals of Applied Probability",
journal = "Ann. Appl. Probab.",
month = "02",
number = "1",
pages = "110--120",
publisher = "The Institute of Mathematical Statistics",
title = "Weak convergence and optimal scaling of random walk Metropolis
		 algorithms",
url = "http://dx.doi.org/10.1214/aoap/1034625254",
volume = "7",
year = "1997"
}

@article{roberts2001,
author = "Roberts, Gareth O. and Rosenthal, Jeffrey S.",
doi = "10.1214/ss/1015346320",
fjournal = "Statistical Science",
journal = "Statist. Sci.",
month = "11",
number = "4",
pages = "351--367",
publisher = "The Institute of Mathematical Statistics",
title = "Optimal scaling for various Metropolis-Hastings algorithms",
url = "http://dx.doi.org/10.1214/ss/1015346320",
volume = "16",
year = "2001"
}

@article{sherlock2010,
author = "Sherlock, Chris and Fearnhead, Paul and Roberts, Gareth O.",
doi = "10.1214/10-STS327",
fjournal = "Statistical Science",
journal = "Statist. Sci.",
month = "05",
number = "2",
pages = "172--190",
publisher = "The Institute of Mathematical Statistics",
title = "The Random Walk Metropolis: Linking Theory and Practice Through a Case Study",
url = "http://dx.doi.org/10.1214/10-STS327",
volume = "25",
year = "2010"
}

@article{ANU:7701764,
author = {Stuart,A. M.},
title = {Inverse problems: A Bayesian perspective},
journal = {Acta Numerica},
volume = {19},
month = {5},
year = {2010},
issn = {1474-0508},
pages = {451--559},
numpages = {109},
doi = {10.1017/S0962492910000061},
URL = {http://journals.cambridge.org/article_S0962492910000061},
}

@article{bédard2007,
author = "Bédard, Mylène",
doi = "10.1214/105051607000000096",
fjournal = "The Annals of Applied Probability",
journal = "Ann. Appl. Probab.",
month = "08",
number = "4",
pages = "1222--1244",
publisher = "The Institute of Mathematical Statistics",
title = "Weak convergence of Metropolis algorithms for non-i.i.d. target distributions",
url = "http://dx.doi.org/10.1214/105051607000000096",
volume = "17",
year = "2007"
}

@article{Berger1986,
year= {1986},
issn={0178-8051},
journal={Probability Theory and Related Fields},
volume={71},
number={4},
doi={10.1007/BF00699040},
title={Asymptotic behaviour of a class of stochastic approximation procedures},
url={http://dx.doi.org/10.1007/BF00699040},
publisher={Springer-Verlag},
author={Berger, Erich},
pages={517-552},
language={English}
}

